@article{karlsson2013gut,
  title={Gut metagenome in European women with normal, impaired and diabetic glucose control},
  author={Karlsson, Fredrik H and Tremaroli, Valentina and Nookaew, Intawat and Bergstr{\"o}m, G{\"o}ran and Behre, Carl Johan and Fagerberg, Bj{\"o}rn and Nielsen, Jens and B{\"a}ckhed, Fredrik},
  journal={Nature},
  volume={498},
  number={7452},
  pages={99--103},
  year={2013},
  publisher={Nature Research}
} % diabetes

@article{shreiner2015gut,
  title={The gut microbiome in health and in disease},
  author={Shreiner, Andrew B and Kao, John Y and Young, Vincent B},
  journal={Current opinion in gastroenterology},
  volume={31},
  number={1},
  pages={69},
  year={2015},
  publisher={NIH Public Access}
} % review

@article{wang2011gut,
  title={Gut flora metabolism of phosphatidylcholine promotes cardiovascular disease},
  author={Wang, Zeneng and Klipfell, Elizabeth and Bennett, Brian J and Koeth, Robert and Levison, Bruce S and DuGar, Brandon and Feldstein, Ariel E and Britt, Earl B and Fu, Xiaoming and Chung, Yoon-Mi and others},
  journal={Nature},
  volume={472},
  number={7341},
  pages={57--63},
  year={2011},
  publisher={Nature Research}
} % cardiovascular disease

@article{kostic2013fusobacterium,
  title={Fusobacterium nucleatum potentiates intestinal tumorigenesis and modulates the tumor-immune microenvironment},
  author={Kostic, Aleksandar D and Chun, Eunyoung and Robertson, Lauren and Glickman, Jonathan N and Gallini, Carey Ann and Michaud, Monia and Clancy, Thomas E and Chung, Daniel C and Lochhead, Paul and Hold, Georgina L and others},
  journal={Cell host \& microbe},
  volume={14},
  number={2},
  pages={207--215},
  year={2013},
  publisher={Elsevier}
} % cancer

@article{yazdaniusing,
  title={Using Machine Learning to Identify Major Shifts in Human Gut Microbiome Protein Family Abundance in Disease},
  author={Yazdani, Mehrdad and Taylor, Bryn C and Debelius, Justine W and Li, Weizhong and Knight, Rob and Smarr, Larry}
}

@article{beck2014machine,
  title={Machine learning techniques accurately classify microbial communities by bacterial vaginosis characteristics},
  author={Beck, Daniel and Foster, James A},
  journal={PloS one},
  volume={9},
  number={2},
  pages={e87830},
  year={2014},
  publisher={Public Library of Science}
}