@article{hurt2010obesity,
  title={The obesity epidemic: challenges, health initiatives, and implications for gastroenterologists},
  author={Hurt, Ryan T and Kulisek, Christopher and Buchanan, Laura A and McClave, Stephen A},
  journal={Gastroenterology \& hepatology},
  volume={6},
  number={12},
  pages={780},
  year={2010},
  publisher={Millenium Medical Publishing}
}

@misc{nutphysactobesitydata,
  author = {{Centers for Disease Control and Prevention}},
  title = {Nutrition, Physical Activity, and Obesity Data},
  howpublished = {\url{https://chronicdata.cdc.gov/health-area/nutrition-physicalactivity-obesity}},
  note = {Accessed: 2017-10-05}
}

@misc{adultobesitymaps,
  author = {{Centers for Disease Control and Prevention}},
  title = {Adult Obesity Prevalence Maps},
  howpublished = {\url{https://www.cdc.gov/obesity/data/prevalence-maps.html}},
  year={2017},
  note = {Accessed: 2017-10-05}
}

@misc{whyobesityhealthproblem,
  author = {{National Heart, Lung, and Blood Institute}},
  title = {Why Obesity is a Health Problem},
  howpublished = {\url{https://www.nhlbi.nih.gov/health/educational/wecan/healthy-weight-basics/obesity.htm}},
  year={2013},
  note = {Accessed: 2017-10-05}
}

@misc{understandingadultoverweight,
  author = {{National Institute of Diabetes and Digestive and Kidney Diseases}},
  title = {Understanding Adult Overweight and Obesity},
  howpublished = {\url{https://www.niddk.nih.gov/health-information/weight-management/adult-overweight-obesity}},
  year={2012},
  note = {Accessed: 2017-10-05}
}

@misc{eduratesdata,
  author = {{Wikipedia}},
  title = {List of U.S. states by educational attainment},
  howpublished = {\url{https://en.wikipedia.org/wiki/List_of_U.S._states_by_educational_attainment}},
  note = {Accessed: 2017-11-18}
}

@misc{demodata,
  author = {{Wikipedia}},
  title = {Demography of the United States},
  howpublished = {\url{https://en.wikipedia.org/wiki/Demography_of_the_United_States}},
  note = {Accessed: 2017-11-18}
}

@misc{incomedata,
  author = {{Wikipedia}},
  title = {List of U.S. states by income},
  howpublished = {\url{https://en.wikipedia.org/wiki/List_of_U.S._states_by_income}},
  note = {Accessed: 2017-11-18}
}